<?xml version="1.0" encoding="UTF-8"?><collection xmlns="http://www.loc.gov/MARC21/slim"><record><leader>00514nam--2200181-i-4500</leader><controlfield tag="001">000025519</controlfield><controlfield tag="002">20161230</controlfield><controlfield tag="005">20161230201036</controlfield><controlfield tag="008">060222s1000------------r-----000-0-eng-d</controlfield><datafield ind1=" " ind2=" " tag="040"><subfield code="a">IFIN-HH</subfield></datafield><datafield ind1=" " ind2=" " tag="080"><subfield code="a">536.7:541.11</subfield></datafield><datafield ind1="1" ind2=" " tag="100"><subfield code="a">Guggenheim, E. A</subfield></datafield><datafield ind1="1" ind2="0" tag="245"><subfield code="a">Thermodynamics</subfield><subfield code="b">An advanced treatment for chemists and physicists</subfield><subfield code="c">E.a. guggenheim</subfield></datafield><datafield ind1=" " ind2=" " tag="260"><subfield code="a">Second Edition</subfield></datafield><datafield ind1=" " ind2=" " tag="300"><subfield code="a">412P</subfield></datafield><datafield ind1=" " ind2=" " tag="490"><subfield code="a">Monographs On Theoretical And Applied Physics</subfield></datafield><datafield ind1=" " ind2=" " tag="852"><subfield code="a">2641</subfield><subfield code="c">536.7</subfield></datafield><datafield ind1=" " ind2=" " tag="CAT"><subfield code="a">Sys</subfield><subfield code="c">20110512</subfield><subfield code="h">155604</subfield></datafield></record></collection>